@article{lipton1977,
  title={A linear time algorithm for deciding subject security},
  author={Lipton, Richard J and Snyder, Lawrence},
  journal={Journal of the ACM (JACM)},
  volume={24},
  number={3},
  pages={455--464},
  year={1977},
  publisher={ACM}
}

@mastersthesis{nevillmasters,
  title={An Evaluation of Capabilities for a Multikernel},
  school={Systems Group, Department of Computer Science, ETH Zurich},
  author={Nevill, Mark and Roscoe, Timothy},
  year=2012,
  month=5  
}

@inproceedings{kuz2010,
 author = {Kuz, Ihor and Klein, Gerwin and Lewis, Corey and Walker, Adam},
 title = {capDL: A Language for Describing Capability-based Systems},
 booktitle = {Proceedings of the First ACM Asia-pacific Workshop on Workshop on Systems},
 series = {APSys '10},
 year = {2010},
 isbn = {978-1-4503-0195-4},
 location = {New Delhi, India},
 pages = {31--36},
 numpages = {6},
 url = {http://doi.acm.org.proxy.lib.uwaterloo.ca/10.1145/1851276.1851284},
 doi = {10.1145/1851276.1851284},
 acmid = {1851284},
 publisher = {ACM},
 address = {New York, NY, USA},
 keywords = {SEL4, capabilities, capability distribution, isabelle, security analysis},
}

@Inbook{sewell2011,
author="Sewell, Thomas
and Winwood, Simon
and Gammie, Peter
and Murray, Toby
and Andronick, June
and Klein, Gerwin",
chapter="seL4 Enforces Integrity",
title="Interactive Theorem Proving: Second International Conference, ITP 2011, Berg en Dal, The Netherlands, August 22-25, 2011. Proceedings",
year="2011",
publisher="Springer Berlin Heidelberg",
address="Berlin, Heidelberg",
pages="325--340",
isbn="978-3-642-22863-6",
doi="10.1007/978-3-642-22863-6_24",
url="http://dx.doi.org/10.1007/978-3-642-22863-6_24"
}

@techreport{miller2003,
  title={Capability myths demolished},
  author={Miller, Mark S and Yee, Ka-Ping and Shapiro, Jonathan and others},
  year={2003},
  institution={Technical Report SRL2003-02, Johns Hopkins University Systems Research Laboratory, 2003. http://www. erights. org/elib/capability/duals}
}

@article{lampson1971,
 author = {Lampson, B. W.},
 title = {Protection},
 journal = {Proc. Fifth Princeton Symposium on Information Sciences and Systems},
 issue_date = {January 1974},
 month = mar,
 year = {1971},
 issn = {0163-5980},
 pages = {437--443},
 numpages = {7},
 url = {http://doi.acm.org.proxy.lib.uwaterloo.ca/10.1145/775265.775268},
 doi = {10.1145/775265.775268},
 acmid = {775268},
 address = {Princeton University},
 note = {reprinted in Operating Systems Review, 8,1, January 1974, pages 18--24.}
 }

@inproceedings{elphinstone2013,
  title={From L3 to seL4 what have we learnt in 20 years of L4 microkernels?},
  author={Elphinstone, Kevin and Heiser, Gernot},
  booktitle={Proceedings of the Twenty-Fourth ACM Symposium on Operating Systems Principles},
  pages={133--150},
  year={2013},
  organization={ACM}
}

